@book{arnheim1960art,
  title={Art and visual perception},
  author={Arnheim, Rudolf},
  year={1960},
  publisher={Stockholms Universitet, Institutionen f{\"o}r Konstvetenskap}
}

@article{adaloglou2020skip,
    title   = "Intuitive Explanation of Skip Connections in Deep Learning",
    author  = "Adaloglou, Nikolas",
    journal = "https://theaisummer.com/",
    year    = "2020",
    url     = "https://theaisummer.com/skip-connections/"
  }
  
@article{araujo2019computing,
  author = {Araujo, Andr√© and Norris, Wade and Sim, Jack},
  title = {Computing Receptive Fields of Convolutional Neural Networks},
  journal = {Distill},
  year = {2019},
  note = {https://distill.pub/2019/computing-receptive-fields},
  doi = {10.23915/distill.00021}
}

@article{bishop2006pattern,
  title={Pattern recognition},
  author={Bishop, Christopher M},
  journal={Machine learning},
  volume={128},
  number={9},
  year={2006}
}


@article{banham1997digital,
  title={Digital image restoration},
  author={Banham, Mark R and Katsaggelos, Aggelos K},
  journal={IEEE signal processing magazine},
  volume={14},
  number={2},
  pages={24--41},
  year={1997},
  publisher={IEEE}
}

@article{baker2002limits,
  title={Limits on super-resolution and how to break them},
  author={Baker, Simon and Kanade, Takeo},
  journal={IEEE Transactions on Pattern Analysis and Machine Intelligence},
  volume={24},
  number={9},
  pages={1167--1183},
  year={2002},
  publisher={IEEE}
}

@article{brown2007automatic,
  title={Automatic panoramic image stitching using invariant features},
  author={Brown, Matthew and Lowe, David G},
  journal={International journal of computer vision},
  volume={74},
  number={1},
  pages={59--73},
  year={2007},
  publisher={Springer}
}


@inproceedings{bhandari2020image,
  title={Image Aesthetic Assessment using Deep Learning for Automated Classification of Images into Appealing or Not-Appealing},
  author={Bhandari, Payal and Jaiswal, Mandovi and Puranik, Vaishnavi and Kirtane, Shraddha and Pukale, DD},
  booktitle={2020 International Conference on Electronics and Sustainable Communication Systems (ICESC)},
  pages={187--192},
  year={2020},
  organization={IEEE}
}

@article{barrow1981interpreting,
  title={Interpreting line drawings as three-dimensional surfaces},
  author={Barrow, Harry G and Tenenbaum, Jay M},
  journal={Artificial intelligence},
  volume={17},
  number={1-3},
  pages={75--116},
  year={1981},
  publisher={Elsevier}
}


@article{bosser2020model,
  title={Model-Centric and Data-Centric Aspects of Active Learning for Neural Network Models},
  author={Boss{\'e}r, John Daniel and S{\"o}rstadius, Erik and Chehreghani, Morteza Haghir},
  journal={arXiv preprint arXiv:2009.10835},
  year={2020}
}

@article{canny1986computational,
  title={A computational approach to edge detection},
  author={Canny, John},
  journal={IEEE Transactions on pattern analysis and machine intelligence},
  number={6},
  pages={679--698},
  year={1986},
  publisher={Ieee}
}

@article{cohn1996active,
  title={Active learning with statistical models},
  author={Cohn, David A and Ghahramani, Zoubin and Jordan, Michael I},
  journal={Journal of artificial intelligence research},
  volume={4},
  pages={129--145},
  year={1996}
}

@inproceedings{datta2006studying,
  title={Studying aesthetics in photographic images using a computational approach},
  author={Datta, Ritendra and Joshi, Dhiraj and Li, Jia and Wang, James Z},
  booktitle={European conference on computer vision},
  pages={288--301},
  year={2006},
  organization={Springer}
}

@techreport{dietterich1995machine,
  title={Machine learning bias, statistical bias, and statistical variance of decision tree algorithms},
  author={Dietterich, Thomas G and Kong, Eun Bae},
  year={1995},
  institution={Citeseer}
}


@article{duchi2011adaptive,
  title={Adaptive subgradient methods for online learning and stochastic optimization.},
  author={Duchi, John and Hazan, Elad and Singer, Yoram},
  journal={Journal of machine learning research},
  volume={12},
  number={7},
  year={2011}
}

@inproceedings{durand2002fast,
  title={Fast bilateral filtering for the display of high-dynamic-range images},
  author={Durand, Fr{\'e}do and Dorsey, Julie},
  booktitle={Proceedings of the 29th annual conference on Computer graphics and interactive techniques},
  pages={257--266},
  year={2002}
}



@article{dozat2016incorporating,
  title={Incorporating nesterov momentum into adam},
  author={Dozat, Timothy},
  year={2016}
}

@article{gal2015bayesian,
  title={Bayesian convolutional neural networks with Bernoulli approximate variational inference},
  author={Gal, Yarin and Ghahramani, Zoubin},
  journal={arXiv preprint arXiv:1506.02158},
  year={2015}
}

@inproceedings{gal2017deep,
  title={Deep bayesian active learning with image data},
  author={Gal, Yarin and Islam, Riashat and Ghahramani, Zoubin},
  booktitle={International Conference on Machine Learning},
  pages={1183--1192},
  year={2017},
  organization={PMLR}
}

@inproceedings{glorot2010understanding,
  title={Understanding the difficulty of training deep feedforward neural networks},
  author={Glorot, Xavier and Bengio, Yoshua},
  booktitle={Proceedings of the thirteenth international conference on artificial intelligence and statistics},
  pages={249--256},
  year={2010},
  organization={JMLR Workshop and Conference Proceedings}
}

@book{Goodfellow2016,
    title={Deep Learning},
    author={Ian Goodfellow and Yoshua Bengio and Aaron Courville},
    publisher={MIT Press},
    note={\url{http://www.deeplearningbook.org}},
    year={2016}
}

@article{goldman2010vignette,
  title={Vignette and exposure calibration and compensation},
  author={Goldman, Daniel B},
  journal={IEEE transactions on pattern analysis and machine intelligence},
  volume={32},
  number={12},
  pages={2276--2288},
  year={2010},
  publisher={IEEE}
}


@article{gissin2019discriminative,
  title={Discriminative active learning},
  author={Gissin, Daniel and Shalev-Shwartz, Shai},
  journal={arXiv preprint arXiv:1907.06347},
  year={2019}
}

@article{guptaexif,
  title={EXIF Estimation With Convolutional Neural Networks},
  author={Gupta, Divyahans and Kannan, Sanjay},
  year={2017},
}

@inproceedings{glorot2011deep,
  title={Deep sparse rectifier neural networks},
  author={Glorot, Xavier and Bordes, Antoine and Bengio, Yoshua},
  booktitle={Proceedings of the fourteenth international conference on artificial intelligence and statistics},
  pages={315--323},
  year={2011},
  organization={JMLR Workshop and Conference Proceedings}
}

@inproceedings{goree2021,
  title={What Does it Take to Cross the Aesthetic Gap? The Development of Image Aesthetic Quality Assessment in Computer Vision},
  author={Samuel Goree},
  year={2021},
  organization={International Conference on Computational Creativity}
}

@article{haralick1985image,
  title={Image segmentation techniques},
  author={Haralick, Robert M and Shapiro, Linda G},
  journal={Computer vision, graphics, and image processing},
  volume={29},
  number={1},
  pages={100--132},
  year={1985},
  publisher={Elsevier}
}


@inproceedings{he2015delving,
  title={Delving deep into rectifiers: Surpassing human-level performance on imagenet classification},
  author={He, Kaiming and Zhang, Xiangyu and Ren, Shaoqing and Sun, Jian},
  booktitle={Proceedings of the IEEE international conference on computer vision},
  pages={1026--1034},
  year={2015}
}

@inproceedings{he2016deep,
  title={Deep residual learning for image recognition},
  author={He, Kaiming and Zhang, Xiangyu and Ren, Shaoqing and Sun, Jian},
  booktitle={Proceedings of the IEEE conference on computer vision and pattern recognition},
  pages={770--778},
  year={2016}
}

@incollection{hinton2012practical,
  title={A practical guide to training restricted Boltzmann machines},
  author={Hinton, Geoffrey E},
  booktitle={Neural networks: Tricks of the trade},
  pages={599--619},
  year={2012},
  publisher={Springer}
}


@inproceedings{huang2017densely,
  title={Densely connected convolutional networks},
  author={Huang, Gao and Liu, Zhuang and Van Der Maaten, Laurens and Weinberger, Kilian Q},
  booktitle={Proceedings of the IEEE conference on computer vision and pattern recognition},
  pages={4700--4708},
  year={2017}
}

@inproceedings{ioffe2015batch,
  title={Batch normalization: Accelerating deep network training by reducing internal covariate shift},
  author={Ioffe, Sergey and Szegedy, Christian},
  booktitle={International conference on machine learning},
  pages={448--456},
  year={2015},
  organization={PMLR}
}


@book{jahanian2016quantifying,
  title={Quantifying aesthetics of visual design applied to automatic design},
  author={Jahanian, Ali},
  year={2016},
  publisher={Springer}
}

@inproceedings{jahanian2016deepcreativity,
  title={MIT 6.S192: Deep Learning for Art, Aesthetics, and Creativity},
  author={Jahanian, Ali},
  year={2021},
  url={https://ali-design.github.io/deepcreativity/}
}


@article{japkowicz2002class,
  title={The class imbalance problem: A systematic study},
  author={Japkowicz, Nathalie and Stephen, Shaju},
  journal={Intelligent data analysis},
  volume={6},
  number={5},
  pages={429--449},
  year={2002},
  publisher={IOS Press}
}

@inproceedings{ke2006design,
  title={The design of high-level features for photo quality assessment},
  author={Ke, Yan and Tang, Xiaoou and Jing, Feng},
  booktitle={2006 IEEE Computer Society Conference on Computer Vision and Pattern Recognition (CVPR'06)},
  volume={1},
  pages={419--426},
  year={2006},
  organization={IEEE}
}


@article{korsmeyer1998aesthetics,
  title={Aesthetics: The big questions},
  author={Korsmeyer, Carolyn},
  year={1998}
}

@article{kingma2014adam,
  title={Adam: A method for stochastic optimization},
  author={Kingma, Diederik P and Ba, Jimmy},
  journal={arXiv preprint arXiv:1412.6980},
  year={2014}
}


@article{konyushkova2017learning,
  title={Learning active learning from data},
  author={Konyushkova, Ksenia and Sznitman, Raphael and Fua, Pascal},
  journal={arXiv preprint arXiv:1703.03365},
  year={2017}
}

@article{krizhevsky2009learning,
  title={Learning multiple layers of features from tiny images},
  author={Krizhevsky, Alex and Hinton, Geoffrey and others},
  year={2009},
  publisher={Citeseer}
}

@article{krizhevsky2012imagenet,
  title={Imagenet classification with deep convolutional neural networks},
  author={Krizhevsky, Alex and Sutskever, Ilya and Hinton, Geoffrey E},
  journal={Advances in neural information processing systems},
  volume={25},
  pages={1097--1105},
  year={2012}
}



@inproceedings{kong2016photo,
  title={Photo aesthetics ranking network with attributes and content adaptation},
  author={Kong, Shu and Shen, Xiaohui and Lin, Zhe and Mech, Radomir and Fowlkes, Charless},
  booktitle={European Conference on Computer Vision},
  pages={662--679},
  year={2016},
  organization={Springer}
}

@article{laurence2018camera,
  title={CAMERA SETTINGS PREDICTION USING DEEP CONVOLUTIONAL NEURAL NETWORKS},
  author={Laurence, Edward and Murphy, Charles},
  year={2018}
}


@inproceedings{lu2014rapid,
  title={Rapid: Rating pictorial aesthetics using deep learning},
  author={Lu, Xin and Lin, Zhe and Jin, Hailin and Yang, Jianchao and Wang, James Z},
  booktitle={Proceedings of the 22nd ACM international conference on Multimedia},
  pages={457--466},
  year={2014}
}


@article{lecun2015deep,
  title={Deep learning},
  author={LeCun, Yann and Bengio, Yoshua and Hinton, Geoffrey},
  journal={nature},
  volume={521},
  number={7553},
  pages={436--444},
  year={2015},
  publisher={Nature Publishing Group}
}


@article{laurence2018camera,
  title={CAMERA SETTINGS PREDICTION USING DEEP CONVOLUTIONAL NEURAL NETWORKS},
  author={Laurence, Edward and Murphy, Charles},
  year={2018}
}
@inproceedings{marchesotti2011assessing,
  title={Assessing the aesthetic quality of photographs using generic image descriptors},
  author={Marchesotti, Luca and Perronnin, Florent and Larlus, Diane and Csurka, Gabriela},
  booktitle={2011 international conference on computer vision},
  pages={1784--1791},
  year={2011},
  organization={IEEE}
}


@inproceedings{mai2016composition,
  title={Composition-preserving deep photo aesthetics assessment},
  author={Mai, Long and Jin, Hailin and Liu, Feng},
  booktitle={Proceedings of the IEEE conference on computer vision and pattern recognition},
  pages={497--506},
  year={2016}
}

@article{malu2017learning,
  title={Learning photography aesthetics with deep cnns},
  author={Malu, Gautam and Bapi, Raju S and Indurkhya, Bipin},
  journal={arXiv preprint arXiv:1707.03981},
  year={2017}
}

@article{marr1982vision,
  title={Vision: A computational investigation into the human representation and processing of visual information, henry holt and co},
  author={Marr, David},
  journal={Inc., New York, NY},
  volume={2},
  number={4.2},
  year={1982}
}

@article{mitchell1986explanation,
  title={Explanation-based generalization: A unifying view},
  author={Mitchell, Tom M and Keller, Richard M and Kedar-Cabelli, Smadar T},
  journal={Machine learning},
  volume={1},
  number={1},
  pages={47--80},
  year={1986},
  publisher={Springer}
}

@book{murphy2012machine,
  title={Machine learning: a probabilistic perspective},
  author={Murphy, Kevin P},
  year={2012},
  publisher={MIT press}
}
@inproceedings{murray2012ava,
  title={AVA: A large-scale database for aesthetic visual analysis},
  author={Murray, Naila and Marchesotti, Luca and Perronnin, Florent},
  booktitle={2012 IEEE Conference on Computer Vision and Pattern Recognition},
  pages={2408--2415},
  year={2012},
  organization={IEEE}
}


@misc{motamedi2021datacentric,
  title={A Data-Centric Approach for Training Deep Neural Networks with Less Data}, 
  author={Mohammad Motamedi and Nikolay Sakharnykh and Tim Kaldewey},
  year={2021},
  eprint={2110.03613},
  archivePrefix={arXiv},
  primaryClass={cs.AI}
}




@inproceedings{nvidiadet,
  title={NVIDIA framework determinism},
  author={Duncan Riach},
  year={2019},
  url={https://github.com/NVIDIA/framework-determinism}
}

@book{reinhard2010high,
  title={High dynamic range imaging: acquisition, display, and image-based lighting},
  author={Reinhard, Erik and Heidrich, Wolfgang and Debevec, Paul and Pattanaik, Sumanta and Ward, Greg and Myszkowski, Karol},
  year={2010},
  publisher={Morgan Kaufmann}
}


@article{rosenblatt1958perceptron,
  title={The perceptron: a probabilistic model for information storage and organization in the brain.},
  author={Rosenblatt, Frank},
  journal={Psychological review},
  volume={65},
  number={6},
  pages={386},
  year={1958},
  publisher={American Psychological Association}
}

@article{ren2020survey,
  title={A survey of deep active learning},
  author={Ren, Pengzhen and Xiao, Yun and Chang, Xiaojun and Huang, Po-Yao and Li, Zhihui and Chen, Xiaojiang and Wang, Xin},
  journal={arXiv preprint arXiv:2009.00236},
  year={2020}
}


@article{simonyan2014very,
  title={Very deep convolutional networks for large-scale image recognition},
  author={Simonyan, Karen and Zisserman, Andrew},
  journal={arXiv preprint arXiv:1409.1556},
  year={2014}
}


@article{schmidt2020nonparametric,
  title={Nonparametric regression using deep neural networks with ReLU activation function},
  author={Schmidt-Hieber, Johannes},
  journal={The Annals of Statistics},
  volume={48},
  number={4},
  pages={1875--1897},
  year={2020},
  publisher={Institute of Mathematical Statistics}
}

@article{settles2009active,
  title={Active learning literature survey},
  author={Settles, Burr},
  year={2009},
  publisher={University of Wisconsin-Madison Department of Computer Sciences}
}

@article{schnapf1987photoreceptor,
  title={How photoreceptor cells respond to light},
  author={Schnapf, Julie L and Baylor, Denis A},
  journal={Scientific American},
  volume={256},
  number={4},
  pages={40--47},
  year={1987},
  publisher={JSTOR}
}

@article{srivastava2014dropout,
  title={Dropout: a simple way to prevent neural networks from overfitting},
  author={Srivastava, Nitish and Hinton, Geoffrey and Krizhevsky, Alex and Sutskever, Ilya and Salakhutdinov, Ruslan},
  journal={The journal of machine learning research},
  volume={15},
  number={1},
  pages={1929--1958},
  year={2014},
  publisher={JMLR. org}
}


@article{sokolova2009systematic,
  title={A systematic analysis of performance measures for classification tasks},
  author={Sokolova, Marina and Lapalme, Guy},
  journal={Information processing \& management},
  volume={45},
  number={4},
  pages={427--437},
  year={2009},
  publisher={Elsevier}
}


@book{sutton2018reinforcement,
  title={Reinforcement learning: An introduction},
  author={Sutton, Richard S and Barto, Andrew G},
  year={2018},
  publisher={MIT press}
}

@article{sun2019survey,
  title={A survey of optimization methods from a machine learning perspective},
  author={Sun, Shiliang and Cao, Zehui and Zhu, Han and Zhao, Jing},
  journal={IEEE transactions on cybernetics},
  volume={50},
  number={8},
  pages={3668--3681},
  year={2019},
  publisher={IEEE}
}


@book{szeliski2010computer,
  title={Computer vision: algorithms and applications},
  author={Szeliski, Richard},
  year={2010},
  publisher={Springer Science \& Business Media}
}

@book{turing1950computing,
  title={Computing machinery and intelligence},
  author={Turing, Alan M and Haugeland, J},
  year={1950},
  publisher={MIT Press Cambridge, MA}
}

@inproceedings{theeye,
  author="The eye, BCM Families Foundation",
  url="https://www.blueconemonochromacy.org/how-the-eye-functions/"
}

@inproceedings{wang2014new,
  title={A new active labeling method for deep learning},
  author={Wang, Dan and Shang, Yi},
  booktitle={2014 International joint conference on neural networks (IJCNN)},
  pages={112--119},
  year={2014},
  organization={IEEE}
}


@article{wang2016cost,
  title={Cost-effective active learning for deep image classification},
  author={Wang, Keze and Zhang, Dongyu and Li, Ya and Zhang, Ruimao and Lin, Liang},
  journal={IEEE Transactions on Circuits and Systems for Video Technology},
  volume={27},
  number={12},
  pages={2591--2600},
  year={2016},
  publisher={IEEE}
}
@book{winston1975psychology,
  title={The psychology of computer vision},
  author={Winston, Patrick Henry and Horn, Berthold and Minsky, Marvin and Shirai, Yoshiaki and Waltz, David},
  year={1975},
  publisher={McGraw-Hill Companies}
}


@inproceedings{yang2019comprehensive,
  title={A Comprehensive Survey on Image Aesthetic Quality Assessment},
  author={Yang, Hongtao and Shi, Ping and He, Saike and Pan, Da and Ying, Zefeng and Lei, Ling},
  booktitle={2019 IEEE/ACIS 18th International Conference on Computer and Information Science (ICIS)},
  pages={294--299},
  year={2019},
  organization={IEEE}
}

@article{zhang2021comprehensive,
  title={A Comprehensive Survey on Computational Aesthetic Evaluation of Visual Art Images: Metrics and Challenges},
  author={Zhang, Jiajing and Miao, Yongwei and Yu, Jinhui},
  journal={IEEE Access},
  year={2021},
  publisher={IEEE}
}


@article{zhdanov2019diverse,
  title={Diverse mini-batch active learning},
  author={Zhdanov, Fedor},
  journal={arXiv preprint arXiv:1901.05954},
  year={2019}
}


@article{zeiler2012adadelta,
  title={Adadelta: an adaptive learning rate method},
  author={Zeiler, Matthew D},
  journal={arXiv preprint arXiv:1212.5701},
  year={2012}
}

@article{zakia1993photography,
  title={Photography and visual perception},
  author={Zakia, Richard D},
  journal={Journal of Aesthetic Education},
  volume={27},
  number={4},
  pages={67--81},
  year={1993},
  publisher={JSTOR}
}
