@inproceedings{spyrou2012homography,
  title={Homography-based orientation estimation for capsule endoscope tracking},
  author={Spyrou, Evaggelos and Iakovidis, Dimitris K},
  booktitle={Imaging Systems and Techniques (IST), 2012 IEEE International Conference on},
  pages={101--105},
  year={2012},
  organization={IEEE}
}

@inproceedings{spyrou2013panoramic,
  title={Panoramic Visual Summaries for Efficient Reading of Capsule Endoscopy Videos},
  author={Spyrou, Evaggelos and Diamantis, Dimitris and Iakovidis, Dimitris K},
  booktitle={Semantic and Social Media Adaptation and Personalization (SMAP), 2013 8th International Workshop on},
  pages={41--46},
  year={2013},
  organization={IEEE}
}

@article{zheng2012detection,
  title={Detection of lesions during capsule endoscopy: physician performance is disappointing},
  author={Zheng, YuanPu and Hawkins, Lauren and Wolff, Jordan and Goloubeva, Olga and Goldberg, Eric},
  journal={The American journal of gastroenterology},
  volume={107},
  number={4},
  pages={554--560},
  year={2012},
  publisher={Nature Publishing Group}
}



@incollection{bay2006surf,
  title={Surf: Speeded up robust features},
  author={Bay, Herbert and Tuytelaars, Tinne and Van Gool, Luc},
  booktitle={Computer Vision--ECCV 2006},
  pages={404--417},
  year={2006},
  publisher={Springer}
}

@inproceedings{lowe1999object,
  title={Object recognition from local scale-invariant features},
  author={Lowe, David G},
  booktitle={Computer vision, 1999. The proceedings of the seventh IEEE international conference on},
  volume={2},
  pages={1150--1157},
  year={1999},
  organization={Ieee}
}

@inproceedings{viola2001rapid,
  title={Rapid object detection using a boosted cascade of simple features},
  author={Viola, Paul and Jones, Michael},
  booktitle={Computer Vision and Pattern Recognition, 2001. CVPR 2001. Proceedings of the 2001 IEEE Computer Society Conference on},
  volume={1},
  pages={I--511},
  year={2001},
  organization={IEEE}
}

@inproceedings{pedersen2011,
  title={SURF:Feature detection and description},
  author={Jacob Toft Pedersen},
  %booktitle={Study SURF:Feature detection & description},
  %volume={1},
  %pages={I--511},
  year={2011},
  %organization={IEEE}
}




@article{scottsmith,
  author = "Scott Smith",
  year = 2011,
  title = "Speeded-Up Robust Features",
  url = {http://www.sci.utah.edu/~fletcher/CS7960/slides/Scott.pdf}
}

@inproceedings{lowe1999object,
  title={Object recognition from local scale-invariant features},
  author={Lowe, David G},
  booktitle={Computer vision, 1999. The proceedings of the seventh IEEE international conference on},
  volume={2},
  pages={1150--1157},
  year={1999},
  organization={Ieee}
}

@article{tomasi1994good,
  title={Good features to track},
  author={Tomasi, Carlo and Shi, Jianbo},
  journal={CVPR94},
  volume={600},
  pages={593--593},
  year={1994}
}

@article{changcorner,
  author = "Chang Shu",
  year = 2006,
  title = "Corner Detection",
  url = {http://people.scs.carleton.ca/~c_shu/Courses/comp4900d/notes/lect9_corner.pdf}
  pages={12--19}
}

@article{lowe2004distinctive,
  title={Distinctive image features from scale-invariant keypoints},
  author={Lowe, David G},
  journal={International journal of computer vision},
  volume={60},
  number={2},
  pages={91--110},
  year={2004},
  publisher={Springer}
}


@article{rostenpoints,
  author = "Î•dward Rosten, Tom Drummond, Cambridge Univercity",
  year = 2012,
  title = "Fusing points and lines for high performance real-time tracking",
  url = {http://www.edwardrosten.com/work/rosten_2005_tracking_presentation.pdf}
  pages={16--23}
}

@article{bradski2000opencv,
  title={The opencv library},
  author={Bradski, Gary and others},
  journal={Doctor Dobbs Journal},
  volume={25},
  number={11},
  pages={120--126},
  year={2000},
  publisher={M AND T PUBLISHING INC}
}

@article{mysql2004mysql,
  title={MySQL database server},
  author={MySQL, AB},
  journal={Internet WWW page, at URL: http://www. mysql. com (last accessed/1/00)},
  year={2004}
}

@article{otwell2015laravel,
  title={Laravel the PHP framework for web artisans},
  author={Otwell, Taylor},
  journal={l{\'\i}nea]. Available: http://laravel. com/docs/5.1},
  year={2015}
}


@inproceedings{debian,
  author = "Debian Linux https://www.debian.org/distrib/",
   url = "https://www.debian.org/distrib/"  
}

@inproceedings{cyclades,
  author = "Cyclades https://okeanos.grnet.gr/services/cyclades/",
   url = "https://okeanos.grnet.gr/services/cyclades/"  
}

@inproceedings{okeanos,
  author = "Okeanos https://okeanos.grnet.gr",
   url = "https://okeanos.grnet.gr"  
}

@inproceedings{oxford,
  author = "The oxford dataset is available at http://www.robots.ox.ac.uk/~vgg/data/oxbuildings/ (last visit, June. 2016)",
  url = "http://www.robots.ox.ac.uk/~vgg/data/oxbuildings/"
}

@article{koukis2013okeanos,
  title={\~{} okeanos: Building a Cloud, Cluster by Cluster.},
  author={Koukis, Vangelis and Venetsanopoulos, Constantinos and Koziris, Nectarios},
  journal={IEEE internet computing},
  volume={17},
  number={3},
  year={2013}
}


@article{se2002mobile,
  title={Mobile robot localization and mapping with uncertainty using scale-invariant visual landmarks},
  author={Se, Stephen and Lowe, David and Little, Jim},
  journal={The international Journal of robotics Research},
  volume={21},
  number={8},
  pages={735--758},
  year={2002},
  publisher={SAGE Publications}
}

@inproceedings{kato1992database,
  title={Database architecture for content-based image retrieval},
  author={Kato, Toshikazu},
  booktitle={SPIE/IS\&T 1992 symposium on electronic imaging: science and technology},
  pages={112--123},
  year={1992},
  organization={International Society for Optics and Photonics}
}

@inproceedings{agarwal2009building,
  title={Building rome in a day},
  author={Agarwal, Sameer and Snavely, Noah and Simon, Ian and Seitz, Steven M and Szeliski, Richard},
  booktitle={2009 IEEE 12th international conference on computer vision},
  pages={72--79},
  year={2009},
  organization={IEEE}
}

@article{glander2009abstract,
  title={Abstract representations for interactive visualization of virtual 3D city models},
  author={Glander, Tassilo and D{\"o}llner, J{\"u}rgen},
  journal={Computers, Environment and Urban Systems},
  volume={33},
  number={5},
  pages={375--387},
  year={2009},
  publisher={Elsevier}
}

@article{chapelle1999support,
  title={Support vector machines for histogram-based image classification},
  author={Chapelle, Olivier and Haffner, Patrick and Vapnik, Vladimir N},
  journal={IEEE transactions on Neural Networks},
  volume={10},
  number={5},
  pages={1055--1064},
  year={1999},
  publisher={IEEE}
}

@article{rui1999image,
  title={Image retrieval: Current techniques, promising directions, and open issues},
  author={Rui, Yong and Huang, Thomas S and Chang, Shih-Fu},
  journal={Journal of visual communication and image representation},
  volume={10},
  number={1},
  pages={39--62},
  year={1999},
  publisher={Elsevier}
}

@article{flickner1995query,
  title={Query by image and video content: The QBIC system},
  author={Flickner, Myron and Sawhney, Harpreet and Niblack, Wayne and Ashley, Jonathan and Huang, Qian and Dom, Byron and Gorkani, Monika and Hafner, Jim and Lee, Denis and Petkovic, Dragutin and others},
  journal={Computer},
  volume={28},
  number={9},
  pages={23--32},
  year={1995},
  publisher={IEEE}
}

@article{gudivada1995content,
  title={Content based image retrieval systems},
  author={Gudivada, Venkat N and Raghavan, Vijay V},
  journal={Computer},
  volume={28},
  number={9},
  pages={18--22},
  year={1995},
  publisher={IEEE}
}


@article{spyrou2009concept,
  title={Concept detection and keyframe extraction using a visual thesaurus},
  author={Spyrou, Evaggelos and Tolias, Giorgos and Mylonas, Phivos and Avrithis, Yannis},
  journal={Multimedia Tools and Applications},
  volume={41},
  number={3},
  pages={337--373},
  year={2009},
  publisher={Springer}
}

@article{spyrou2015comparative,
  title={Comparative assessment of feature extraction methods for visual odometry in wireless capsule endoscopy},
  author={Spyrou, Evaggelos and Iakovidis, Dimitris K and Niafas, Stavros and Koulaouzidis, Anastasios},
  journal={Computers in biology and medicine},
  volume={65},
  pages={297--307},
  year={2015},
  publisher={Pergamon}
}

@incollection{lindeberg1994linear,
  title={Linear scale-space I: Basic theory},
  author={Lindeberg, Tony and ter Haar Romeny, Bart M},
  booktitle={Geometry-Driven Diffusion in Computer Vision},
  pages={1--38},
  year={1994},
  publisher={Springer}
}

@inproceedings{neubeck2006efficient,
  title={Efficient non-maximum suppression},
  author={Neubeck, Alexander and Van Gool, Luc},
  booktitle={18th International Conference on Pattern Recognition (ICPR'06)},
  volume={3},
  pages={850--855},
  year={2006},
  organization={IEEE}
}

@article{fischler1981random,
  title={Random sample consensus: a paradigm for model fitting with applications to image analysis and automated cartography},
  author={Fischler, Martin A and Bolles, Robert C},
  journal={Communications of the ACM},
  volume={24},
  number={6},
  pages={381--395},
  year={1981},
  publisher={ACM}
}

@book{hartley2003multiple,
  title={Multiple view geometry in computer vision},
  author={Hartley, Richard and Zisserman, Andrew},
  year={2003},
  publisher={Cambridge university press}
}

@article{kalantidis2011viral,
  title={Viral: Visual image retrieval and localization},
  author={Kalantidis, Yannis and Tolias, Giorgos and Avrithis, Yannis and Phinikettos, Marios and Spyrou, Evaggelos and Mylonas, Phivos and Kollias, Stefanos},
  journal={Multimedia Tools and Applications},
  volume={51},
  number={2},
  pages={555--592},
  year={2011},
  publisher={Springer US}
}

@inproceedings{wang2011local,
  title={Local intensity order pattern for feature description},
  author={Wang, Zhenhua and Fan, Bin and Wu, Fuchao},
  booktitle={2011 International Conference on Computer Vision},
  pages={603--610},
  year={2011},
  organization={IEEE}
}

@inproceedings{harris1988combined,
  title={A combined corner and edge detector.},
  author={Harris, Chris and Stephens, Mike},
  booktitle={Alvey vision conference},
  volume={15},
  pages={50},
  year={1988},
  organization={Citeseer}
}

@article{matas2004robust,
  title={Robust wide-baseline stereo from maximally stable extremal regions},
  author={Matas, Jiri and Chum, Ondrej and Urban, Martin and Pajdla, Tom{\'a}s},
  journal={Image and vision computing},
  volume={22},
  number={10},
  pages={761--767},
  year={2004},
  publisher={Elsevier}
}

@inproceedings{shi1994good,
  title={Good features to track},
  author={Shi, Jianbo and Tomasi, Carlo},
  booktitle={Computer Vision and Pattern Recognition, 1994. Proceedings CVPR'94., 1994 IEEE Computer Society Conference on},
  pages={593--600},
  year={1994},
  organization={IEEE}
}

@inproceedings{alahi2012freak,
  title={Freak: Fast retina keypoint},
  author={Alahi, Alexandre and Ortiz, Raphael and Vandergheynst, Pierre},
  booktitle={Computer vision and pattern recognition (CVPR), 2012 IEEE conference on},
  pages={510--517},
  year={2012},
  organization={Ieee}
}
@inproceedings{figat2014performance,
  title={Performance evaluation of binary descriptors of local features},
  author={Figat, Jan and Kornuta, Tomasz and Kasprzak, W{\l}odzimierz},
  booktitle={International Conference on Computer Vision and Graphics},
  pages={187--194},
  year={2014},
  organization={Springer}
}
@incollection{hassaballah2016image,
  title={Image Features Detection, Description and Matching},
  author={Hassaballah, M and Abdelmgeid, Aly Amin and Alshazly, Hammam A},
  booktitle={Image Feature Detectors and Descriptors},
  pages={11--45},
  year={2016},
  publisher={Springer}
}

@article{mikolajczyk2005performance,
  title={A performance evaluation of local descriptors},
  author={Mikolajczyk, Krystian and Schmid, Cordelia},
  journal={IEEE transactions on pattern analysis and machine intelligence},
  volume={27},
  number={10},
  pages={1615--1630},
  year={2005},
  publisher={IEEE}
}

@article{chapelle1999support,
  title={Support vector machines for histogram-based image classification},
  author={Chapelle, Olivier and Haffner, Patrick and Vapnik, Vladimir N},
  journal={IEEE transactions on Neural Networks},
  volume={10},
  number={5},
  pages={1055--1064},
  year={1999},
  publisher={IEEE}
}

@inproceedings{kasutani2001mpeg,
  title={The MPEG-7 color layout descriptor: a compact image feature description for high-speed image/video segment retrieval},
  author={Kasutani, Eiji and Yamada, Akio},
  booktitle={Image Processing, 2001. Proceedings. 2001 International Conference on},
  volume={1},
  pages={674--677},
  year={2001},
  organization={IEEE}
}

